<record xmlns:xsi="http://www.w3.org/2001/XMLSchema-instance" xmlns="http://www.loc.gov/MARC21/slim" xsi:schemaLocation="http://www.loc.gov/MARC21/slim http://www.loc.gov/standards/marcxml/schema/MARC21slim.xsd">

  <leader>00543nam a2200133Ia 4500</leader>
  <datafield tag="999" ind2=" " ind1=" ">
    <subfield code="c">1843</subfield>
    <subfield code="d">1843</subfield>
  </datafield>
  <controlfield tag="008">180427b1999    cr ||||| |||| 00| | spa d</controlfield>
  <datafield tag="090" ind1=" " ind2=" ">
    <subfield code="a">06.03.06</subfield>
    <subfield code="b"> 929</subfield>
  </datafield>
  <datafield tag="110" ind2=" " ind1="1">
    <subfield code="a">Costa Rica, Ministerio de Educación Pública. División de Control de Calidad. Departamento de Pruebas Nacionales. Sistema de Educación Formal</subfield>
    <subfield code="9">3628</subfield>
  </datafield>
  <datafield tag="245" ind1="1" ind2="0">
    <subfield code="a">Resultados de las pruebas nacionales de conclusión del segundo ciclo de la educación general básica 1999</subfield>
  </datafield>
  <datafield tag="260" ind2=" " ind1=" ">
    <subfield code="a">San José, Costa Rica : </subfield>
    <subfield code="b">El Ministerio, </subfield>
    <subfield code="c">1999</subfield>
  </datafield>
  <datafield ind2=" " ind1=" " tag="300">
    <subfield code="a">26 páginas</subfield>
  </datafield>
  <datafield tag="650" ind2="4" ind1="1">
    <subfield code="a">EDUCACIÓN PRIMARIA</subfield>
    <subfield code="9">367</subfield>
  </datafield>
  <datafield ind1="1" ind2="4" tag="650">
    <subfield code="a">PRUEBAS</subfield>
    <subfield code="9">629</subfield>
  </datafield>
  <datafield ind2=" " ind1=" " tag="942">
    <subfield code="2">z</subfield>
    <subfield code="c">01</subfield>
  </datafield>
</record>